% Papers for the Market section
@inproceedings{Amo19,
    doi = {10.1109/wcncw.2019.8902713},
    url = {https://doi.org/10.1109/wcncw.2019.8902713},
    year = {2019},
    month = apr,
    publisher = {{IEEE}},
    booktitle={2019 {IEEE} Wireless Communications and Networking Conference Workshop ({WCNCW})},
    author = {Rafhael Amorim and Istv{\'{a}}n Z. Kov{\'{a}}cs and Jeroen Wigard and Troels B. Sorensen and Preben Mogensen},
    title = {Forecasting Spectrum Demand for {UAVs} Served by Dedicated Allocation in Cellular Networks}
}

@inproceedings{Yes19,
    title={Economic Outlook of Unmanned Aerial Vehicles in {T}urkey and the World: Drone Economies},
    author={Yesilay, Rustem Baris and Macit, Armagan},
    booktitle={3rd International Conference on Economic Research},
    address={Alanya, Turkey},
    volume={24},
    pages={209},
    year={2019}
}

@techreport{Mic14,
    author = {Michael Toscano and Ross Rubin},
    title = {Drones: Quickly Navigating Toward Commercial
             Application, Starting with E-Commerce and 
             Retail},
    institution = {BI Intelligence},
    group = {Teal Group},
    month = jan,
    year = {2014},
    type = {BII Mobile},
}

% Dr Amar's papers
@article{Sha19,
    doi = {10.1109/comst.2019.2924143},
    url = {https://doi.org/10.1109/comst.2019.2924143},
    year = {2019},
    publisher = {Institute of Electrical and Electronics Engineers ({IEEE})},
    volume = {21},
    number = {4},
    pages = {3340--3385},
    author = {Reza Shakeri and Mohammed Ali Al-Garadi and Ahmed Badawy and Amr Mohamed and Tamer Khattab and Abdulla Khalid Al-Ali and Khaled A. Harras and Mohsen Guizani},
    title = {Design Challenges of Multi-{UAV} Systems in Cyber-Physical Applications: A Comprehensive Survey and Future Directions},
    journal = {{IEEE} Communications Surveys {\&} Tutorials}
}

% HAS NOT BEEN PUBLISHED YET
@unpublished{Ged21,
    % doi = {},
    note = {in progress and will be published soon},
    year = {2021},
    month = dec,
    publisher = {{IEEE}},
    author = {Hend Gedawy and Abdulla Al-Ali and Amr Mohamed and Aiman Erbad and Mohsen Guizani},
    title = {{DRL}-Based {UAV} Trajectory Planning for Mobile Target Visitation},
    journal = {{IEEE}},
}

% Abdulrahman
@article{Khan21,
    doi = {10.1371/journal.pone.0249436},
    year = {2021},
    month = apr,
    publisher = {{IEEE}},
    author = {Shahbaz Khan and Muhammad Tufail and Muhammad Khan and Zubair Khan and Javaid Iqbal and Arsalan Wasim},
    title = {Real-time recognition of spraying area for UAV sprayers using a deep learning approach},
}

@inproceedings{Wang18,
    doi = {10.1109/PADSW.2018.8644908},
    year = {2018},
    month = dec,
    publisher = {{IEEE}},
    author = {Qiuhong Wang and Jingjing Gu and Haitao Huang and Yanchao Zhao},
    title = {Online Drone-Based Moving Target Detection System in Dense-Obstructer Environment},
}

@inproceedings{Zhao18,
    doi = {10.1109/ICAIBD.2018.8396188},
    year = {2018},
    month = may,
    publisher = {{IEEE}},
    author = {Cong Wang and Rui Zhao and Xiao Yang and Qi Wu},
    title = {Research of UAV target detection and flight control based on deep learning},
}

% Bahri
@article{hua20,
    title={Reactive autonomous navigation of UAVs for dynamic sensing coverage of mobile ground targets},
    author={Huang, Hailong and Savkin, Andrey V and Li, Xiaohui},
    journal={Sensors},
    volume={20},
    number={13},
    pages={3720},
    year={2020},
    publisher={Multidisciplinary Digital Publishing Institute}
}

@inproceedings{pen21,
    title={Deep Reinforcement Learning based Path Planning for UAV-assisted Edge Computing Networks},
    author={Peng, Yingsheng and Liu, Yong and Zhang, Han},
    booktitle={2021 IEEE Wireless Communications and Networking Conference (WCNC)},
    pages={1--6},
    year={2021},
    organization={IEEE}
}

@article{hua21,
    title={Navigating UAVs for Optimal Monitoring of Groups of Moving Pedestrians or Vehicles},
    author={Huang, Hailong and Savkin, Andrey V},
    journal={IEEE Transactions on Vehicular Technology},
    volume={70},
    number={4},
    pages={3891--3896},
    year={2021},
    publisher={IEEE}
}

% Daniel
@article{sb3,
  author  = {Antonin Raffin and Ashley Hill and Adam Gleave and Anssi Kanervisto and Maximilian Ernestus and Noah Dormann},
  title   = {Stable-Baselines3: Reliable Reinforcement Learning Implementations},
  journal = {Journal of Machine Learning Research},
  year    = {2021},
  volume  = {22},
  number  = {268},
  pages   = {1-8},
  url     = {http://jmlr.org/papers/v22/20-1364.html}
}

@misc{rl-zoo3,
  author = {Raffin, Antonin},
  title = {RL Baselines3 Zoo},
  year = {2020},
  publisher = {GitHub},
  journal = {GitHub repository},
  howpublished = {\url{https://github.com/DLR-RM/rl-baselines3-zoo}},
}

@article{ppo,
  doi = {10.48550/ARXIV.1707.06347},
  url = {https://arxiv.org/abs/1707.06347},
  author = {Schulman, John and Wolski, Filip and Dhariwal, Prafulla and Radford, Alec and Klimov, Oleg},
  keywords = {Machine Learning (cs.LG), FOS: Computer and information sciences, FOS: Computer and information sciences},
  title = {Proximal Policy Optimization Algorithms},
  publisher = {arXiv},
  year = {2017},
  copyright = {arXiv.org perpetual, non-exclusive license}
}

@inproceedings{Hen18,
    author = {Henderson, Peter and Islam, Riashat and Bachman, Philip and Pineau, Joelle and Precup, Doina and Meger, David},
    title = {Deep Reinforcement Learning That Matters},
    year = {2018},
    isbn = {9781577358008},
    publisher = {AAAI Press},
    booktitle = {Proceedings of the Thirty-Second AAAI Conference on Artificial Intelligence and Thirtieth Innovative Applications of Artificial Intelligence Conference and Eighth AAAI Symposium on Educational Advances in Artificial Intelligence},
    pages = {3207-3214},
    articleno = {392},
    numpages = {8},
    url = {https://dl.acm.org/doi/abs/10.5555/3504035.3504427},
    location = {New Orleans, Louisiana, USA},
    series = {AAAI'18/IAAI'18/EAAI'18}
}

@article{hyperparameters,
  doi = {10.48550/ARXIV.1708.04133},
  url = {https://arxiv.org/abs/1708.04133},
  author = {Islam, Riashat and Henderson, Peter and Gomrokchi, Maziar and Precup, Doina},
  keywords = {Machine Learning (cs.LG), FOS: Computer and information sciences, FOS: Computer and information sciences},
  title = {Reproducibility of Benchmarked Deep Reinforcement Learning Tasks for Continuous Control},
  publisher = {arXiv},
  year = {2017},
  copyright = {arXiv.org perpetual, non-exclusive license}
}

@online{dynamsoft,
    author    = {Dynamsoft},
    title     = {{QR} Code Reading Benchmark and Comparison},
    date      = {2022-03-10},
    url       = {https://www.dynamsoft.com/codepool/qr-code-reading-benchmark-and-comparison.html},
    urldate   = {2021-09-06},
}

@book{Sut20,
    author = {Sutton, Richard S. and Barto, Andrew G.},
    edition = {2},
    publisher = {The MIT Press},
    address = {Cambridge, MA},
    title = {Reinforcement Learning: An Introduction},
    year = {2020},
    ISBN = {9780262039246},
}

@manual{Par19,
    author={Parrot Technical Writers},
    edition={2.6.2},
    month={10},
    year={2019},
    organization={Parrot},
    title={{ANAFI} User Guide},
    language={English},
    url={https://www.parrot.com/assets/s3fs-public/2020-07/white-paper_anafi-v1.4-en.pdf},
    pagetotal={86},
}

@article{Jun17,
    author = {Jung, Sunghun and Kim, Hyunsu},
    year = {2017},
    month = {04},
    pages = {253-266},
    title = {Analysis of Amazon Prime Air {UAV} Delivery Service},
    volume = {12},
    journal = {Journal of Knowledge Information Technology and Systems},
    doi = {10.34163/jkits.2017.12.2.005}
}

@article{Has20,
    doi = {10.3390/su12176973},
    url = {https://doi.org/10.3390/su12176973},
    year = {2020},
    month = aug,
    publisher = {{MDPI} {AG}},
    volume = {12},
    number = {17},
    pages = {6973},
    author = {Tarek Ben Hassen and Hamid El Bilali and Mohammad S. Allahyari},
    title = {Impact of {COVID}-19 on Food Behavior and Consumption in Qatar},
    journal = {Sustainability}
}

@inproceedings{Zho20,
    doi = {10.1109/isqed48828.2020.9136980},
    year = {2020},
    month = mar,
    publisher = {{IEEE}},
    author = {Shanglin Zhou and Bingbing Li and Caiwu Ding and Lu Lu and Caiwen Ding},
    title = {An Efficient Deep Reinforcement Learning Framework for {UAVs}},
    booktitle = {2020 21st International Symposium on Quality Electronic Design ({ISQED})},
    pages={323-328},
}

@inproceedings{Wal19,
    doi = {10.1109/aero.2019.8742226},
    year = {2019},
    month = mar,
    publisher = {{IEEE}},
    author = {Ory Walker and Fernando Vanegas and Felipe Gonzalez and Sven Koenig},
    title = {A Deep Reinforcement Learning Framework for {UAV} Navigation in Indoor Environments},
    booktitle = {2019 {IEEE} Aerospace Conference},
    pages={1-14},
}

@article{Gar20,
    doi = {10.1007/s00779-019-01356-4},
    year = {2020},
    month = jan,
    publisher = {Springer Science and Business Media {LLC}},
    author = {Jes{\'{u}}s Garc{\'{i}}a and Jose M. Molina},
    title = {Simulation in Real Conditions of Navigation and Obstacle Avoidance with {PX}4/{G}azebo Platform},
    journal = {Personal and Ubiquitous Computing},
}

% Short guide
@article{einstein,
    author =       "Albert Einstein",
    title =        "{Zur Elektrodynamik bewegter K{\"o}rper}. ({German})
    [{On} the electrodynamics of moving bodies]",
    journal =      "Annalen der Physik",
    volume =       "322",
    number =       "10",
    pages =        "891--921",
    year =         "1905",
    DOI =          "http://dx.doi.org/10.1002/andp.19053221004",
    keywords =     "physics"
}

@book{dirac,
    title={The Principles of Quantum Mechanics},
    author={Paul Adrien Maurice Dirac},
    isbn={9780198520115},
    series={International series of monographs on physics},
    year={1981},
    publisher={Clarendon Press},
    keywords = {physics}
}

@online{knuthwebsite,
    author    = "Donald Knuth",
    title     = "Knuth: Computers and Typesetting",
    url       = "http://www-cs-faculty.stanford.edu/~uno/abcde.html",
    keywords  = "latex,knuth"
}

@online{makerfocus,
    author    = {MakerFocus},
    title     = {Raspberry {P}i Expansion Board {UPSP}ack Standard Power Supply},
    date      = {2020-10-21},
    url       = {https://www.makerfocus.com/collections/raspberry-pi/products/raspberry-pi-expansion-board-ups-pack-standard-power-supply?variant=39471994830925},
    urldate   = {2021-10-10},
    keywords  = {makerfocus,Raspberry P,Expansion Board UPS},
}

@article{Atwater15Commercial,
  title={The Commercial Global Drone Market.},
  author={Atwater, Donald M},
  journal={Graziadio Business Review},
  volume={18},
  number={2},
  year={2015}
}

@article{Abey18,
	title={Comprehensive Energy Consumption Model for Unmanned Aerial Vehicles, Based on Empirical Studies of Battery Performance},
	author={Abeywickrama, Hasini Viranga and Jayawickrama, Beeshanga Abewardana and He, Ying and Dutkiewicz, Eryk},
	journal={IEEE Access},
	volume={6},
	number={},
	pages={58383-58394},
	year={2018},
	publisher={IEEE},
}
