@article{hua20,
	title={Reactive autonomous navigation of UAVs for dynamic sensing coverage of mobile ground targets},
	author={Huang, Hailong and Savkin, Andrey V and Li, Xiaohui},
	journal={Sensors},
	volume={20},
	number={13},
	pages={3720},
	year={2020},
	publisher={Multidisciplinary Digital Publishing Institute}
}

@inproceedings{pen21,
	title={Deep Reinforcement Learning based Path Planning for UAV-assisted Edge Computing Networks},
	author={Peng, Yingsheng and Liu, Yong and Zhang, Han},
	booktitle={2021 IEEE Wireless Communications and Networking Conference (WCNC)},
	pages={1--6},
	year={2021},
	organization={IEEE}
}

@article{hua21,
	title={Navigating UAVs for Optimal Monitoring of Groups of Moving Pedestrians or Vehicles},
	author={Huang, Hailong and Savkin, Andrey V},
	journal={IEEE Transactions on Vehicular Technology},
	volume={70},
	number={4},
	pages={3891--3896},
	year={2021},
	publisher={IEEE}
}

@online{knuthwebsite,
    author    = "Donald Knuth",
    title     = "Knuth: Computers and Typesetting",
    url       = "http://www-cs-faculty.stanford.edu/~uno/abcde.html",
    keywords  = "latex,knuth"
}
