@article{Khan21,
    doi = {10.1371/journal.pone.0249436},
    % url = {https://doi.org/10.1371/journal.pone.0249436},
    year = {2021},
    month = apr,
    publisher = {{IEEE}},
    author = {Shahbaz Khan and Muhammad Tufail and Muhammad Khan and Zubair Khan and Javaid Iqbal and Arsalan Wasim},
    title = {Real-time recognition of spraying area for UAV sprayers using a deep learning approach},
}

@inproceedings{Wang18,
    doi = {10.1109/PADSW.2018.8644908},
    % url = {https://doi.org/10.1109/PADSW.2018.8644908},
    year = {2018},
    month = dec,
    publisher = {{IEEE}},
    author = {Qiuhong Wang and Jingjing Gu and Haitao Huang and Yanchao Zhao},
    title = {Online Drone-Based Moving Target Detection System in Dense-Obstructer Environment},
}

@inproceedings{Zhao18,
    doi = {10.1109/ICAIBD.2018.8396188},
    % url = {https://doi.org/10.1109/ICAIBD.2018.8396188},
    year = {2018},
    month = may,
    publisher = {{IEEE}},
    author = {Cong Wang and Rui Zhao and Xiao Yang and Qi Wu},
    title = {Research of UAV target detection and flight control based on deep learning},
}

