@article{einstein,
    author =       "Albert Einstein",
    title =        "{Zur Elektrodynamik bewegter K{\"o}rper}. ({German})
    [{On} the electrodynamics of moving bodies]",
    journal =      "Annalen der Physik",
    volume =       "322",
    number =       "10",
    pages =        "891--921",
    year =         "1905",
    DOI =          "http://dx.doi.org/10.1002/andp.19053221004",
    keywords =     "physics"
}

@book{dirac,
    title={The Principles of Quantum Mechanics},
    author={Paul Adrien Maurice Dirac},
    isbn={9780198520115},
    series={International series of monographs on physics},
    year={1981},
    publisher={Clarendon Press},
    keywords = {physics}
}

@inproceedings{Zho20,
	doi = {10.1109/isqed48828.2020.9136980},
	% url = {https://doi.org/10.1109/isqed48828.2020.9136980},
	year = {2020},
	month = mar,
	publisher = {{IEEE}},
	author = {Shanglin Zhou and Bingbing Li and Caiwu Ding and Lu Lu and Caiwen Ding},
	title = {An Efficient Deep Reinforcement Learning Framework for {UAVs}},
	booktitle = {2020 21st International Symposium on Quality Electronic Design ({ISQED})},
	pages={323-328},
}